<?xml version="1.0" encoding="UTF-8"?>
<collection xmlns:xsi="http://www.w3.org/2001/XMLSchema-instance" xsi:schemaLocation="http://www.loc.gov/MARC21/slim http://www.loc.gov/standards/marcxml/schema/MARC21slim.xsd" xmlns="http://www.loc.gov/MARC21/slim">
<record>
  <leader>00990cam a22002651i 4500</leader>
  <controlfield tag="001">2596927</controlfield>
  <controlfield tag="003">NNC</controlfield>
  <controlfield tag="005">20100224195127.0</controlfield>
  <controlfield tag="008">891127s1969    iq                  ara  </controlfield>
  <datafield tag="010" ind1=" " ind2=" ">
    <subfield code="a">   70962246  </subfield>
  </datafield>
  <datafield tag="035" ind1=" " ind2=" ">
    <subfield code="a">(OCoLC)13657124</subfield>
  </datafield>
  <datafield tag="035" ind1=" " ind2=" ">
    <subfield code="a">(OCoLC)ocm13657124</subfield>
  </datafield>
  <datafield tag="035" ind1=" " ind2=" ">
    <subfield code="9">AQT6496CU</subfield>
  </datafield>
  <datafield tag="035" ind1=" " ind2=" ">
    <subfield code="a">(NNC)2596927</subfield>
  </datafield>
  <datafield tag="090" ind1=" " ind2=" ">
    <subfield code="a">Z6621.B153</subfield>
    <subfield code="b">A7</subfield>
  </datafield>
  <datafield tag="110" ind1="2" ind2=" ">
    <subfield code="a">Matḥaf al-ʻIrāqī.</subfield>
    <subfield code="b">Maktabah.</subfield>
  </datafield>
  <datafield tag="245" ind1="1" ind2="3">
    <subfield code="a">al-Makhṭūṭāt al-lughawīyah fī Maktabat al-Matḥaf al-ʻIrāqī /</subfield>
    <subfield code="c">Usāmah Nāṣir al-Naqshabandī.</subfield>
  </datafield>
  <datafield tag="260" ind1=" " ind2=" ">
    <subfield code="a">Baghdād :</subfield>
    <subfield code="b">Mudīrīyat al-Āthār al-ʻĀmmah,</subfield>
    <subfield code="c">1969.</subfield>
  </datafield>
  <datafield tag="300" ind1=" " ind2=" ">
    <subfield code="a">190 p. :</subfield>
    <subfield code="b">facsims. ;</subfield>
    <subfield code="c">23 cm.</subfield>
  </datafield>
  <datafield tag="500" ind1=" " ind2=" ">
    <subfield code="a">Added t.p.: Linguistic manuscripts of the Iraq Museum Library [by] Usama Nasir al-Naqshabandi.</subfield>
  </datafield>
  <datafield tag="504" ind1=" " ind2=" ">
    <subfield code="a">Bibliography: p. 189-190.</subfield>
  </datafield>
  <datafield tag="650" ind1=" " ind2="0">
    <subfield code="a">Manuscripts, Arabic</subfield>
    <subfield code="z">Iraq</subfield>
    <subfield code="z">Baghdad</subfield>
    <subfield code="v">Catalogs.</subfield>
  </datafield>
  <datafield tag="650" ind1=" " ind2="0">
    <subfield code="a">Arabic language</subfield>
    <subfield code="v">Bibliography</subfield>
    <subfield code="v">Catalogs.</subfield>
  </datafield>
  <datafield tag="700" ind1="1" ind2=" ">
    <subfield code="a">Naqshabandī, Usāmah Nāṣir.</subfield>
  </datafield>
  <datafield tag="955" ind1=" " ind2=" ">
    <subfield code="b">0036762709</subfield>
    <subfield code="d">glx</subfield>
    <subfield code="e">Z6621.B153 A7</subfield>
  </datafield>
</record>
</collection>